%%%%%%%%%%%%%%%%%%%%%%%%%%%%%%%%%%%%%%%%%%%%%%%%%%%%%%%%%%
% TEMPLATES
%%%%%%%%%%%%%%%%%%%%%%%%%%%%%%%%%%%%%%%%%%%%%%%%%%%%%%%%%%

%%%%% Technical documentation.
%
%manual{
%  % Required field:
%  title        = {},
%  % Optional fields:
%  author       = {},
%  organization = {},
%  address      = {},
%  edition      = {},
%  month        = {},
%  year         = {},
%  note         = {}
%}
%
%%%%% Use this type when nothing else fits.
%
%misc{
%  % Required fields: none.
%  % Optional fields:
%  author       = {},
%  title        = {},
%  howpublished = {},
%  month        = {},
%  year         = {},
%  note         = {}
%}
%
%%%%% A report published by a school or other institution, usually numbered within a series.
%
%techreport{
%  % Required fields:
%  author      = {},
%  title       = {},
%  institution = {},
%  year        = {},
%  % Optional fields:
%  type        = {},
%  number      = {},
%  address     = {},
%  month       = {},
%  note        = {}
%}
%
%%%%% A document having an author and title, but not formally published.
%
%unpublished{
%  % Required fields:
%  author = {},
%  title  = {},
%  note   = {},
%  % Optional fields:
%  month  = {},
%  year   = {}
%}

%%%%%%%%%%%%%%%%%%%%%%%%%%%%%%%%%%%%%%%%%%%%%%%%%%%%%%%%%%
% References
%%%%%%%%%%%%%%%%%%%%%%%%%%%%%%%%%%%%%%%%%%%%%%%%%%%%%%%%%%

@article{opencv_library,
    author = {Bradski, G.},
    citeulike-article-id = {2236121},
    journal = {Dr. Dobb's Journal of Software Tools},
    keywords = {bibtex-import},
    posted-at = {2008-01-15 19:21:54},
    priority = {4},
    title = {{The OpenCV Library}},
    year = {2000}
}

@misc{tflearn2016,
       author = {Aymeric Damien and others},
       title = {TFLearn},
       year = {2016} ,
       publisher={GitHub},
       howpublished={\url{https://github.com/tflearn/tflearn}},
}

@misc{tensorflow, 
        title={Build a Convolutional Neural Network using Estimators  |  TensorFlow},
        year = {2018} ,
        url={https://www.tensorflow.org/tutorials/estimators/cnn}, 
        journal={TensorFlow}
}

@article{,
    author = {Li, X. and Jimmy R. and Ce L. and Jiaya J. },
    journal = {Dr. Dobb's Journal of Software Tools},
    posted-at = {2014-12-18},
    priority = {7},
    title = {{Deep Convolutional Neural Network for Image Deconvolution}},
    year = {2014}
}

@article{Melgani2004ClassificationOH,
  title={Classification of hyperspectral remote sensing images with support vector machines},
  author={Farid Melgani and Lorenzo Bruzzone},
  journal={IEEE Transactions on Geoscience and Remote Sensing},
  year={2004},
  volume={42},
  pages={1778-1790},
}

@article{scikit-learn,
 title={Scikit-learn: Machine Learning in {P}ython},
 author={Pedregosa, F. and Varoquaux, G. and Gramfort, A. and Michel, V.
         and Thirion, B. and Grisel, O. and Blondel, M. and Prettenhofer, P.
         and Weiss, R. and Dubourg, V. and Vanderplas, J. and Passos, A. and
         Cournapeau, D. and Brucher, M. and Perrot, M. and Duchesnay, E.},
 journal={Journal of Machine Learning Research},
 volume={12},
 pages={2825--2830},
 year={2011}
}

@article{Hearst:1998:SVM:630302.630387,
 author = {Hearst, Marti A.},
 title = {Support Vector Machines},
 journal = {IEEE Intelligent Systems},
 issue_date = {July 1998},
 volume = {13},
 number = {4},
 month = jul,
 year = {1998},
 issn = {1541-1672},
 pages = {18--28},
 numpages = {11},
 url = {http://dx.doi.org/10.1109/5254.708428},
 doi = {10.1109/5254.708428},
 acmid = {630387},
 publisher = {IEEE Educational Activities Department},
 address = {Piscataway, NJ, USA},
} 

@article{doi:10.1080/00031305.1992.10475879,
author = { N. S.   Altman },
title = {An Introduction to Kernel and Nearest-Neighbor Nonparametric Regression},
journal = {The American Statistician},
volume = {46},
number = {3},
pages = {175-185},
year  = {1992},
publisher = {Taylor & Francis},
doi = {10.1080/00031305.1992.10475879},
URL = { 
        https://www.tandfonline.com/doi/abs/10.1080/00031305.1992.10475879
},
eprint = { 
        https://www.tandfonline.com/doi/pdf/10.1080/00031305.1992.10475879
}
}


@misc{cs231n,
    author= {{Karpathy, Andrej}},
    year  = {2017},
    title = {CS231n Convolutional Neural Networks for Visual
Recognition},
    note  = {\url{http://cs231n.stanford.edu/2017/}, 
             Last accessed on 2018-11-26},
}

%%%% ABOVE ARE EXAMPLES

@article{T1-P2,
	author = {{Sebastian Ruder, Parsa Ghaffari, John G. Breslin}},
    year = {2016},
    title = {A Hierarchical Model of Reviews for Aspect-based Sentiment Analysis},
    note = {\url{https://arxiv.org/pdf/1609.02745.pdf}},
}

@misc{DT1,
    title = {Chapter 4 - Decision Tree Algorithms},
    note  = {\url{https://medium.com/deep-math-machine-learning-ai/chapter-4-decision-trees-algorithms-b93975f7a1f1}
    Last accessed on 2018-12-10},
}

@article{GloVe,
	author = {{Jeffrey Pennington, Richard Socher, Christopher D. Manning}},
    year = {2014},
    title = {GloVe: Global Vectors for Word Representation},
    note = {\url{https://nlp.stanford.edu/pubs/glove.pdf}},
}


%%%% ADD THE FOLLOWING

http://alt.qcri.org/semeval2016/task5/


